<?xml version="1.0" encoding="UTF-8"?><collection xmlns="http://www.loc.gov/MARC21/slim"><record><leader>00396nam--2200157-i-4500</leader><controlfield tag="001">000037480</controlfield><controlfield tag="002">20161230</controlfield><controlfield tag="005">20170102223435</controlfield><controlfield tag="008">060222s1000------------r-----000-0-eng-d</controlfield><datafield ind1=" " ind2=" " tag="080"><subfield code="a">543.422.25</subfield></datafield><datafield ind1=" " ind2=" " tag="245"><subfield code="a">Progress in nuclear magnetic resonance</subfield></datafield><datafield ind1=" " ind2=" " tag="260"><subfield code="a">Oxford</subfield><subfield code="b">Pergamon Press</subfield><subfield code="c">1966</subfield></datafield><datafield ind1=" " ind2=" " tag="300"><subfield code="a">VII + 386 p</subfield></datafield><datafield ind1=" " ind2=" " tag="700"><subfield code="a">Sutcliffe, L. H</subfield></datafield><datafield ind1=" " ind2=" " tag="852"><subfield code="a">27030</subfield></datafield><datafield ind1=" " ind2=" " tag="CAT"><subfield code="a">SYS</subfield><subfield code="c">20170102</subfield><subfield code="h">223435</subfield></datafield></record></collection>